%YAML 1.1
%TAG !u! tag:unity3d.com,2011:
--- !u!1 &5975318695383114726
GameObject:
  m_ObjectHideFlags: 0
  m_CorrespondingSourceObject: {fileID: 0}
  m_PrefabInstance: {fileID: 0}
  m_PrefabAsset: {fileID: 0}
  serializedVersion: 6
  m_Component:
  - component: {fileID: 5975318695383112728}
  - component: {fileID: 5975318695383112731}
  - component: {fileID: 5975318695383112730}
  - component: {fileID: 5975318695383114725}
  - component: {fileID: 5975318695383114724}
  - component: {fileID: 5975318695383114727}
  m_Layer: 0
  m_Name: mountain
  m_TagString: Untagged
  m_Icon: {fileID: 0}
  m_NavMeshLayer: 0
  m_StaticEditorFlags: 0
  m_IsActive: 1
--- !u!4 &5975318695383112728
Transform:
  m_ObjectHideFlags: 0
  m_CorrespondingSourceObject: {fileID: 0}
  m_PrefabInstance: {fileID: 0}
  m_PrefabAsset: {fileID: 0}
  m_GameObject: {fileID: 5975318695383114726}
  m_LocalRotation: {x: 0, y: 0, z: 0, w: 1}
  m_LocalPosition: {x: 108, y: -15, z: -547}
  m_LocalScale: {x: 2.5377624, y: 2.5377624, z: 2.5377624}
  m_Children: []
  m_Father: {fileID: 0}
  m_RootOrder: 0
  m_LocalEulerAnglesHint: {x: 0, y: 0, z: 0}
--- !u!114 &5975318695383112731
MonoBehaviour:
  m_ObjectHideFlags: 0
  m_CorrespondingSourceObject: {fileID: 0}
  m_PrefabInstance: {fileID: 0}
  m_PrefabAsset: {fileID: 0}
  m_GameObject: {fileID: 5975318695383114726}
  m_Enabled: 1
  m_EditorHideFlags: 0
  m_Script: {fileID: 11500000, guid: 8233d90336aea43098adf6dbabd606a2, type: 3}
  m_Name: 
  m_EditorClassIdentifier: 
  m_MeshFormatVersion: 2
  m_Faces:
  - m_Indexes: 020000000100000000000000
    m_SmoothingGroup: 1
    m_Uv:
      m_UseWorldSpace: 0
      m_FlipU: 0
      m_FlipV: 0
      m_SwapUV: 0
      m_Fill: 1
      m_Scale: {x: 1, y: 1}
      m_Offset: {x: 0, y: 0}
      m_Rotation: 0
      m_Anchor: 6
    m_Material: {fileID: 2100000, guid: c22777d6e868e4f2fb421913386b154e, type: 2}
    m_SubmeshIndex: 0
    m_ManualUV: 1
    elementGroup: 0
    m_TextureGroup: -1
  - m_Indexes: 030000000400000005000000
    m_SmoothingGroup: 0
    m_Uv:
      m_UseWorldSpace: 0
      m_FlipU: 0
      m_FlipV: 0
      m_SwapUV: 0
      m_Fill: 1
      m_Scale: {x: 1, y: 1}
      m_Offset: {x: 0, y: 0}
      m_Rotation: 0
      m_Anchor: 9
    m_Material: {fileID: 2100000, guid: c22777d6e868e4f2fb421913386b154e, type: 2}
    m_SubmeshIndex: 0
    m_ManualUV: 0
    elementGroup: 0
    m_TextureGroup: -1
  - m_Indexes: 080000000700000006000000
    m_SmoothingGroup: 1
    m_Uv:
      m_UseWorldSpace: 0
      m_FlipU: 0
      m_FlipV: 0
      m_SwapUV: 0
      m_Fill: 1
      m_Scale: {x: 1, y: 1}
      m_Offset: {x: 0, y: 0}
      m_Rotation: 0
      m_Anchor: 9
    m_Material: {fileID: 2100000, guid: c22777d6e868e4f2fb421913386b154e, type: 2}
    m_SubmeshIndex: 0
    m_ManualUV: 1
    elementGroup: 0
    m_TextureGroup: -1
  - m_Indexes: 090000000a0000000b000000
    m_SmoothingGroup: 0
    m_Uv:
      m_UseWorldSpace: 0
      m_FlipU: 0
      m_FlipV: 0
      m_SwapUV: 0
      m_Fill: 1
      m_Scale: {x: 1, y: 1}
      m_Offset: {x: 0, y: 0}
      m_Rotation: 0
      m_Anchor: 9
    m_Material: {fileID: 2100000, guid: c22777d6e868e4f2fb421913386b154e, type: 2}
    m_SubmeshIndex: 0
    m_ManualUV: 0
    elementGroup: 0
    m_TextureGroup: -1
  - m_Indexes: 0e0000000d0000000c000000
    m_SmoothingGroup: 1
    m_Uv:
      m_UseWorldSpace: 0
      m_FlipU: 0
      m_FlipV: 0
      m_SwapUV: 0
      m_Fill: 1
      m_Scale: {x: 1, y: 1}
      m_Offset: {x: 0, y: 0}
      m_Rotation: 0
      m_Anchor: 9
    m_Material: {fileID: 2100000, guid: c22777d6e868e4f2fb421913386b154e, type: 2}
    m_SubmeshIndex: 0
    m_ManualUV: 1
    elementGroup: 0
    m_TextureGroup: -1
  - m_Indexes: 0f0000001000000011000000
    m_SmoothingGroup: 0
    m_Uv:
      m_UseWorldSpace: 0
      m_FlipU: 0
      m_FlipV: 0
      m_SwapUV: 0
      m_Fill: 1
      m_Scale: {x: 1, y: 1}
      m_Offset: {x: 0, y: 0}
      m_Rotation: 0
      m_Anchor: 9
    m_Material: {fileID: 2100000, guid: c22777d6e868e4f2fb421913386b154e, type: 2}
    m_SubmeshIndex: 0
    m_ManualUV: 0
    elementGroup: 0
    m_TextureGroup: -1
  - m_Indexes: 140000001300000012000000
    m_SmoothingGroup: 1
    m_Uv:
      m_UseWorldSpace: 0
      m_FlipU: 0
      m_FlipV: 0
      m_SwapUV: 0
      m_Fill: 1
      m_Scale: {x: 1, y: 1}
      m_Offset: {x: 0, y: 0}
      m_Rotation: 0
      m_Anchor: 9
    m_Material: {fileID: 2100000, guid: c22777d6e868e4f2fb421913386b154e, type: 2}
    m_SubmeshIndex: 0
    m_ManualUV: 1
    elementGroup: 0
    m_TextureGroup: -1
  - m_Indexes: 150000001600000017000000
    m_SmoothingGroup: 0
    m_Uv:
      m_UseWorldSpace: 0
      m_FlipU: 0
      m_FlipV: 0
      m_SwapUV: 0
      m_Fill: 1
      m_Scale: {x: 1, y: 1}
      m_Offset: {x: 0, y: 0}
      m_Rotation: 0
      m_Anchor: 9
    m_Material: {fileID: 2100000, guid: c22777d6e868e4f2fb421913386b154e, type: 2}
    m_SubmeshIndex: 0
    m_ManualUV: 0
    elementGroup: 0
    m_TextureGroup: -1
  - m_Indexes: 1a0000001900000018000000
    m_SmoothingGroup: 1
    m_Uv:
      m_UseWorldSpace: 0
      m_FlipU: 0
      m_FlipV: 0
      m_SwapUV: 0
      m_Fill: 1
      m_Scale: {x: 1, y: 1}
      m_Offset: {x: 0, y: 0}
      m_Rotation: 0
      m_Anchor: 9
    m_Material: {fileID: 2100000, guid: c22777d6e868e4f2fb421913386b154e, type: 2}
    m_SubmeshIndex: 0
    m_ManualUV: 1
    elementGroup: 0
    m_TextureGroup: -1
  - m_Indexes: 1b0000001c0000001d000000
    m_SmoothingGroup: 0
    m_Uv:
      m_UseWorldSpace: 0
      m_FlipU: 0
      m_FlipV: 0
      m_SwapUV: 0
      m_Fill: 1
      m_Scale: {x: 1, y: 1}
      m_Offset: {x: 0, y: 0}
      m_Rotation: 0
      m_Anchor: 9
    m_Material: {fileID: 2100000, guid: c22777d6e868e4f2fb421913386b154e, type: 2}
    m_SubmeshIndex: 0
    m_ManualUV: 0
    elementGroup: 0
    m_TextureGroup: -1
  - m_Indexes: 200000001f0000001e000000
    m_SmoothingGroup: 1
    m_Uv:
      m_UseWorldSpace: 0
      m_FlipU: 0
      m_FlipV: 0
      m_SwapUV: 0
      m_Fill: 1
      m_Scale: {x: 1, y: 1}
      m_Offset: {x: 0, y: 0}
      m_Rotation: 0
      m_Anchor: 9
    m_Material: {fileID: 2100000, guid: c22777d6e868e4f2fb421913386b154e, type: 2}
    m_SubmeshIndex: 0
    m_ManualUV: 1
    elementGroup: 0
    m_TextureGroup: -1
  - m_Indexes: 210000002200000023000000
    m_SmoothingGroup: 0
    m_Uv:
      m_UseWorldSpace: 0
      m_FlipU: 0
      m_FlipV: 0
      m_SwapUV: 0
      m_Fill: 1
      m_Scale: {x: 1, y: 1}
      m_Offset: {x: 0, y: 0}
      m_Rotation: 0
      m_Anchor: 9
    m_Material: {fileID: 2100000, guid: c22777d6e868e4f2fb421913386b154e, type: 2}
    m_SubmeshIndex: 0
    m_ManualUV: 0
    elementGroup: 0
    m_TextureGroup: -1
  m_SharedVertices:
  - m_Vertices: 00000000030000001f00000022000000
  - m_Vertices: 01000000040000000600000009000000
  - m_Vertices: 02000000080000000e000000140000001a00000020000000
  - m_Vertices: 050000000b00000011000000170000001d00000023000000
  - m_Vertices: 070000000a0000000c0000000f000000
  - m_Vertices: 0d000000100000001200000015000000
  - m_Vertices: 1300000016000000180000001b000000
  - m_Vertices: 190000001c0000001e00000021000000
  m_SharedTextures: []
  m_Positions:
  - {x: 48.5258, y: 0, z: 26.518097}
  - {x: 36.39435, y: 0, z: 49.483444}
  - {x: 24.262901, y: 112.05363, z: 26.518097}
  - {x: 48.5258, y: 0, z: 26.518097}
  - {x: 36.39435, y: 0, z: 49.483444}
  - {x: 24.262901, y: 0, z: 26.518097}
  - {x: 36.39435, y: 0, z: 49.483444}
  - {x: 12.131451, y: 0, z: 49.483437}
  - {x: 24.262901, y: 112.05363, z: 26.518097}
  - {x: 36.39435, y: 0, z: 49.483444}
  - {x: 12.131451, y: 0, z: 49.483437}
  - {x: 24.262901, y: 0, z: 26.518097}
  - {x: 12.131451, y: 0, z: 49.483437}
  - {x: 0.0000038146973, y: 0, z: 26.518095}
  - {x: 24.262901, y: 112.05363, z: 26.518097}
  - {x: 12.131451, y: 0, z: 49.483437}
  - {x: 0.0000038146973, y: 0, z: 26.518095}
  - {x: 24.262901, y: 0, z: 26.518097}
  - {x: 0.0000038146973, y: 0, z: 26.518095}
  - {x: 12.131454, y: 0, z: 3.5527496}
  - {x: 24.262901, y: 112.05363, z: 26.518097}
  - {x: 0.0000038146973, y: 0, z: 26.518095}
  - {x: 12.131454, y: 0, z: 3.5527496}
  - {x: 24.262901, y: 0, z: 26.518097}
  - {x: 12.131454, y: 0, z: 3.5527496}
  - {x: 36.39435, y: 0, z: 3.5527496}
  - {x: 24.262901, y: 112.05363, z: 26.518097}
  - {x: 12.131454, y: 0, z: 3.5527496}
  - {x: 36.39435, y: 0, z: 3.5527496}
  - {x: 24.262901, y: 0, z: 26.518097}
  - {x: 36.39435, y: 0, z: 3.5527496}
  - {x: 48.5258, y: 0, z: 26.518097}
  - {x: 24.262901, y: 112.05363, z: 26.518097}
  - {x: 36.39435, y: 0, z: 3.5527496}
  - {x: 48.5258, y: 0, z: 26.518097}
  - {x: 24.262901, y: 0, z: 26.518097}
  m_Textures0:
  - {x: 0, y: 0.0000076293945}
  - {x: 48.5258, y: 0}
  - {x: 24.262897, y: 119.6749}
  - {x: -48.5258, y: 26.518097}
  - {x: -36.39435, y: 49.483444}
  - {x: -24.262901, y: 26.518097}
  - {x: 0, y: 0.0000076293945}
  - {x: 48.5258, y: 0}
  - {x: 24.262897, y: 119.6749}
  - {x: -36.39435, y: 49.483444}
  - {x: -12.131451, y: 49.483437}
  - {x: -24.262901, y: 26.518097}
  - {x: 0, y: 0.0000076293945}
  - {x: 48.5258, y: 0}
  - {x: 24.262897, y: 119.6749}
  - {x: -12.131451, y: 49.483437}
  - {x: -0.0000038146973, y: 26.518095}
  - {x: -24.262901, y: 26.518097}
  - {x: 0, y: 0.0000076293945}
  - {x: 48.5258, y: 0}
  - {x: 24.262897, y: 119.6749}
  - {x: -0.0000038146973, y: 26.518095}
  - {x: -12.131454, y: 3.5527496}
  - {x: -24.262901, y: 26.518097}
  - {x: 0, y: 0.0000076293945}
  - {x: 48.5258, y: 0}
  - {x: 24.262897, y: 119.6749}
  - {x: -12.131454, y: 3.5527496}
  - {x: -36.39435, y: 3.5527496}
  - {x: -24.262901, y: 26.518097}
  - {x: 0, y: 0.0000076293945}
  - {x: 48.5258, y: 0}
  - {x: 24.262897, y: 119.6749}
  - {x: -36.39435, y: 3.5527496}
  - {x: -48.5258, y: 26.518097}
  - {x: -24.262901, y: 26.518097}
  m_Textures2: []
  m_Textures3: []
  m_Tangents:
  - {x: -0.023511365, y: 0.10858301, z: 0.9938093, w: -1}
  - {x: -0.83264023, y: -0.13094962, z: 0.5381101, w: -1}
  - {x: -0.4670854, y: -0.00000012065493, z: 0.8842122, w: -1}
  - {x: -1, y: 0, z: 0, w: -1}
  - {x: -1, y: 0, z: 0, w: -1}
  - {x: -1, y: 0, z: 0, w: -1}
  - {x: -0.8639649, y: 0.13140203, z: 0.48610502, w: -1}
  - {x: -0.86396474, y: -0.13140124, z: -0.4861056, w: -1}
  - {x: -1, y: -0.00000025831451, z: -0.00000037478864, w: -1}
  - {x: -1, y: 0, z: 0, w: -1}
  - {x: -1, y: 0, z: 0, w: -1}
  - {x: -1, y: 0, z: 0, w: -1}
  - {x: -0.83263993, y: 0.13095017, z: -0.5381105, w: -1}
  - {x: -0.023511214, y: -0.10858237, z: -0.99380934, w: -1}
  - {x: -0.46708524, y: -0.00000012065489, z: -0.88421226, w: -1}
  - {x: -1, y: 0, z: 0, w: -1}
  - {x: -1, y: 0, z: 0, w: -1}
  - {x: -1, y: 0, z: 0, w: -1}
  - {x: 0.023511399, y: 0.10858301, z: -0.9938093, w: -1}
  - {x: 0.83264005, y: -0.13094956, z: -0.5381103, w: -1}
  - {x: 0.46708545, y: 0.00000012065495, z: -0.8842122, w: -1}
  - {x: -1, y: 0, z: 0, w: -1}
  - {x: -1, y: 0, z: 0, w: -1}
  - {x: -1, y: 0, z: 0, w: -1}
  - {x: 0.86396486, y: 0.13140199, z: -0.48610523, w: -1}
  - {x: 0.86396486, y: -0.1314013, z: 0.48610538, w: -1}
  - {x: 1, y: 0.00000025831451, z: 0.00000006034169, w: -1}
  - {x: -1, y: 0, z: 0, w: -1}
  - {x: -1, y: 0, z: 0, w: -1}
  - {x: -1, y: 0, z: 0, w: -1}
  - {x: 0.8326399, y: 0.1309502, z: 0.53811044, w: -1}
  - {x: 0.02351124, y: -0.108582385, z: 0.99380934, w: -1}
  - {x: 0.4670853, y: 0.00000012065492, z: 0.8842122, w: -1}
  - {x: -1, y: 0, z: 0, w: -1}
  - {x: -1, y: 0, z: 0, w: -1}
  - {x: -1, y: 0, z: 0, w: -1}
  m_Colors: []
  m_UnwrapParameters:
    m_HardAngle: 88
    m_PackMargin: 30
    m_AngleError: 8
    m_AreaError: 15
  m_PreserveMeshAssetOnDestroy: 0
  assetGuid: 
  m_Mesh: {fileID: 0}
  m_VersionIndex: 2325
  m_IsSelectable: 1
  m_SelectedFaces: 
  m_SelectedEdges: []
  m_SelectedVertices: 
--- !u!114 &5975318695383112730
MonoBehaviour:
  m_ObjectHideFlags: 0
  m_CorrespondingSourceObject: {fileID: 0}
  m_PrefabInstance: {fileID: 0}
  m_PrefabAsset: {fileID: 0}
  m_GameObject: {fileID: 5975318695383114726}
  m_Enabled: 1
  m_EditorHideFlags: 0
  m_Script: {fileID: 11500000, guid: 1ca002da428252441b92f28d83c8a65f, type: 3}
  m_Name: 
  m_EditorClassIdentifier: 
  m_Shape:
    id: 0
  m_Size: {x: 48.525795, y: 112.05363, z: 53.036194}
  m_Rotation: {x: 0, y: 0, z: 0, w: 1}
  m_PivotLocation: 1
  m_PivotPosition: {x: 0, y: 0, z: 0}
  m_UnmodifiedMeshVersion: 2322
  m_ShapeBox:
    m_Center: {x: 24.262901, y: 56.026814, z: 26.518097}
    m_Extent: {x: 48.525795, y: 56.026814, z: 48.525795}
  references:
    version: 1
    00000000:
      type: {class: Cone, ns: UnityEngine.ProBuilder.Shapes, asm: Unity.ProBuilder}
      data:
        m_NumberOfSides: 6
        m_Smooth: 1
--- !u!23 &5975318695383114725
MeshRenderer:
  m_ObjectHideFlags: 0
  m_CorrespondingSourceObject: {fileID: 0}
  m_PrefabInstance: {fileID: 0}
  m_PrefabAsset: {fileID: 0}
  m_GameObject: {fileID: 5975318695383114726}
  m_Enabled: 1
  m_CastShadows: 1
  m_ReceiveShadows: 1
  m_DynamicOccludee: 1
  m_StaticShadowCaster: 0
  m_MotionVectors: 1
  m_LightProbeUsage: 1
  m_ReflectionProbeUsage: 1
  m_RayTracingMode: 2
  m_RayTraceProcedural: 0
  m_RenderingLayerMask: 1
  m_RendererPriority: 0
  m_Materials:
  - {fileID: 2100000, guid: c22777d6e868e4f2fb421913386b154e, type: 2}
  m_StaticBatchInfo:
    firstSubMesh: 0
    subMeshCount: 0
  m_StaticBatchRoot: {fileID: 0}
  m_ProbeAnchor: {fileID: 0}
  m_LightProbeVolumeOverride: {fileID: 0}
  m_ScaleInLightmap: 1
  m_ReceiveGI: 1
  m_PreserveUVs: 0
  m_IgnoreNormalsForChartDetection: 0
  m_ImportantGI: 0
  m_StitchLightmapSeams: 1
  m_SelectedEditorRenderState: 2
  m_MinimumChartSize: 4
  m_AutoUVMaxDistance: 0.5
  m_AutoUVMaxAngle: 89
  m_LightmapParameters: {fileID: 0}
  m_SortingLayerID: 0
  m_SortingLayer: 0
  m_SortingOrder: 0
  m_AdditionalVertexStreams: {fileID: 0}
--- !u!33 &5975318695383114724
MeshFilter:
  m_ObjectHideFlags: 0
  m_CorrespondingSourceObject: {fileID: 0}
  m_PrefabInstance: {fileID: 0}
  m_PrefabAsset: {fileID: 0}
  m_GameObject: {fileID: 5975318695383114726}
  m_Mesh: {fileID: 0}
--- !u!64 &5975318695383114727
MeshCollider:
  m_ObjectHideFlags: 0
  m_CorrespondingSourceObject: {fileID: 0}
  m_PrefabInstance: {fileID: 0}
  m_PrefabAsset: {fileID: 0}
  m_GameObject: {fileID: 5975318695383114726}
  m_Material: {fileID: 0}
  m_IsTrigger: 0
  m_Enabled: 1
  serializedVersion: 4
  m_Convex: 0
  m_CookingOptions: 30
  m_Mesh: {fileID: 0}
